@article{Yorifuji2015,
  doi = {10.1016/j.scitotenv.2014.11.077},
  url = {http://dx.doi.org/10.1016/j.scitotenv.2014.11.077},
  year  = {2015},
  month = {mar},
  publisher = {Elsevier {BV}},
  volume = {508},
  pages = {188--192},
  author = {Takashi Yorifuji and Hiroo Naruse and Saori Kashima and Takeshi Murakoshi and Hiroyuki Doi},
  title = {Residential proximity to major roads and obstetrical complications},
  journal = {Science of The Total Environment}
}
